@article{Turing:article:1937:jan,
 doi = {10.1112/plms/s2-42.1.230},
 author = {Turing, A. M.},
 title = {{On Computable Numbers, with an Application to the Entscheidungsproblem}},
 journal = {Proceedings of the London Mathematical Society},
 year = {1937},
 month = jan,
 volume = {s2-42},
 number = {1},
 pages = {230--265},
 url = {https://londmathsoc.onlinelibrary.wiley.com/doi/abs/10.1112/plms/s2-42.1.230},
}

@book{Sipser:book:2012,
 author = {Sipser, M.},
 title = {{Introduction to Theory of Computation}},
 year = {2012},
 isbn = {113318779X},
 edition = {3rd},
}

@book{Hopcroft:book:2006,
 author = {Hopcroft, J. and Motwani, R. and Ullman, J.},
 title = {{Introduction to Automata Theory, Languages, and Computation}},
 year = {2006},
 isbn = {0321455363},
 edition = {3rd},
}

@misc{Demasi:misc:2013:may,
 howpublished = {{The Halting Problem, URI Online Judge Problem 1405}},
 author = {Demasi, P.},
 year = {2013},
 url = {https://www.urionlinejudge.com.br/judge/en/problems/view/1405},
 note = {Accessed: 09 nov 2018},
}
