@book{Sipser:book:2006,
 author = {Sipser, M.},
 title = {{Introduction to Theory of Computation}},
 year = {2006},
 isbn = {0534950973},
 edition = {2nd},
}

@book{Hopcroft:book:2006,
 author = {Hopcroft, J. and Motwani, R. and Ullman, J.},
 title = {{Introduction to Automata Theory, Languages, and Computation}},
 year = {2006},
 isbn = {0321455363},
 edition = {3rd},
}

@misc{Demasi:misc:2013:may,
 howpublished = {{The Halting Problem, URI Online Judge Problem 1405}},
 author = {Demasi, P.},
 year = {2013},
 url = {https://www.urionlinejudge.com.br/judge/en/problems/view/1405},
 note = {Accessed: 09 nov 2018},
}
