@book{Book:book:1993:jan,
 author = {Book, R. V. and Otto, F.},
 title = {{String-Rewriting Systems}},
 year = {1993},
 isbn = {1461397731},
 edition = {1st},
}

@misc{Power:misc:2013:aug,
 author = {Power, J. F.},
 title = {{Thue's 1914 paper: a translation}},
 howpublished = {arXiv preprint, arXiv:1308.5858}
}