@article{Chomsky:article:1959:jun,
 doi = {10.1016/S0019-9958(59)90362-6},
 author = {Chomsky, Noam},
 title = {{On Certain Formal Properties of Grammars}},
 journal = {Information and Control},
 year = {1959},
 month = jun,
 volume = {2},
 number = {2},
 pages = {137--167},
 url = {https://www.sciencedirect.com/science/article/pii/S0019995859903626},
}

